<record><leader>00000cas a2200000 a 4500</leader><controlfield tag="001">33860611</controlfield><controlfield tag="008">951206c199u9999caubr n       0   a0eng c</controlfield><datafield ind1=" " ind2=" " tag="010"><subfield code="a">sn 95003667 </subfield></datafield><datafield ind1=" " ind2=" " tag="040"><subfield code="a">NSD</subfield><subfield code="b">eng</subfield><subfield code="c">NSD</subfield><subfield code="d">NYP</subfield><subfield code="d">OCL</subfield><subfield code="d">OCLCQ</subfield><subfield code="d">CUS</subfield><subfield code="d">OCLCQ</subfield><subfield code="d">OCLCF</subfield><subfield code="d">OCLCO</subfield></datafield><datafield ind1=" " ind2=" " tag="012"><subfield code="i">9609</subfield><subfield code="l">y</subfield></datafield><datafield ind1="1" ind2=" " tag="022"><subfield code="a">1086-2587</subfield><subfield code="l">1086-2587</subfield><subfield code="y">1086-2609</subfield><subfield code="2">1</subfield></datafield><datafield ind1="1" ind2=" " tag="029"><subfield code="a">AU@</subfield><subfield code="b">000012175125</subfield></datafield><datafield ind1=" " ind2=" " tag="037"><subfield code="b">Dalldorf Communications, Inc., P.O. Box 375, Hayward, CA 94543</subfield><subfield code="c">$14.95</subfield></datafield><datafield ind1=" " ind2=" " tag="042"><subfield code="a">nsdp</subfield><subfield code="a">pcc</subfield></datafield><datafield ind1=" " ind2=" " tag="043"><subfield code="a">n-us-ca</subfield></datafield><datafield ind1="1" ind2="4" tag="050"><subfield code="a">TP577</subfield></datafield><datafield ind1=" " ind2="0" tag="222"><subfield code="a">Celebrator beer news</subfield></datafield><datafield ind1="0" ind2="0" tag="245"><subfield code="a">Celebrator beer news.</subfield></datafield><datafield ind1=" " ind2=" " tag="260"><subfield code="a">Hayward, CA :</subfield><subfield code="b">Dalldorf Communications, Inc.</subfield></datafield><datafield ind1=" " ind2=" " tag="300"><subfield code="a">v. :</subfield><subfield code="b">ill. ;</subfield><subfield code="c">34 cm.</subfield></datafield><datafield ind1=" " ind2=" " tag="310"><subfield code="a">Bimonthly</subfield></datafield><datafield ind1=" " ind2=" " tag="588"><subfield code="a">Description based on: Vol. 8, no. 5 (Oct./Nov. 1995); title from caption.</subfield></datafield><datafield ind1=" " ind2=" " tag="588"><subfield code="a">Latest issue consulted: Vol. 9, no. 3 (June/July 1996).</subfield></datafield><datafield ind1=" " ind2="0" tag="650"><subfield code="a">Beer</subfield><subfield code="v">Periodicals.</subfield></datafield><datafield ind1=" " ind2="0" tag="650"><subfield code="a">Beer</subfield><subfield code="z">California</subfield><subfield code="v">Periodicals.</subfield></datafield><datafield ind1=" " ind2="0" tag="650"><subfield code="a">Brewing industry</subfield><subfield code="z">California</subfield><subfield code="v">Periodicals.</subfield></datafield><datafield ind1=" " ind2="7" tag="655"><subfield code="a">Periodicals.</subfield><subfield code="2">fast</subfield><subfield code="0">(OCoLC)fst01411641</subfield></datafield><datafield ind1=" " ind2="7" tag="650"><subfield code="a">Beer.</subfield><subfield code="2">fast</subfield><subfield code="0">(OCoLC)fst00829736</subfield></datafield><datafield ind1=" " ind2="7" tag="650"><subfield code="a">Brewing industry.</subfield><subfield code="2">fast</subfield><subfield code="0">(OCoLC)fst00838531</subfield></datafield><datafield ind1=" " ind2="7" tag="651"><subfield code="a">California.</subfield><subfield code="2">fast</subfield><subfield code="0">(OCoLC)fst01204928</subfield></datafield><datafield ind1="0" ind2="8" tag="776"><subfield code="i">Online version:</subfield><subfield code="t">Celebrator beer news (Online)</subfield><subfield code="w">(OCoLC)44360033</subfield></datafield><datafield ind1="0" ind2="0" tag="780"><subfield code="t">California celebrator</subfield><subfield code="w">(OCoLC)22473827</subfield></datafield><datafield ind1=" " ind2=" " tag="850"><subfield code="a">NN</subfield></datafield></record>